<?xml version="1.0" encoding="UTF-8"?><collection xmlns="http://www.loc.gov/MARC21/slim"><record><leader>00450nam--2200169-i-4500</leader><controlfield tag="001">000006338</controlfield><controlfield tag="002">20161230</controlfield><controlfield tag="005">20170122232930</controlfield><controlfield tag="008">060222s1000------------r-----000-0-eng-d</controlfield><datafield ind1=" " ind2=" " tag="080"><subfield code="a">539.56:620.178.2</subfield></datafield><datafield ind1=" " ind2=" " tag="100"><subfield code="a">Adenis, D</subfield></datafield><datafield ind1=" " ind2=" " tag="245"><subfield code="a">Fragilite et fragilisation des metaux et alliages. Preface de A.R.Troiano</subfield></datafield><datafield ind1=" " ind2=" " tag="260"><subfield code="a">Paris</subfield><subfield code="b">Dunod</subfield><subfield code="c">1963</subfield></datafield><datafield ind1=" " ind2=" " tag="300"><subfield code="a">XV + 207 p</subfield></datafield><datafield ind1=" " ind2=" " tag="700"><subfield code="a">Blanchard, Ph</subfield></datafield><datafield ind1=" " ind2=" " tag="852"><subfield code="a">18877</subfield></datafield><datafield ind1=" " ind2=" " tag="CAT"><subfield code="a">SYS</subfield><subfield code="c">20170122</subfield><subfield code="h">232930</subfield></datafield></record></collection>